@article{dwivedi2018advances,
  title={Advances in liquid penetrant testing},
  author={Dwivedi, Surya Kant and Vishwakarma, Manish and Soni, Atul},
  journal={Materials Today: Proceedings},
  volume={5},
  number={2},
  pages={3690--3698},
  year={2018},
  publisher={Elsevier}
}

@article{garcia2019environmental,
  title={Environmental impact assessment of penetrant testing in aerospace manufacturing},
  author={García-López, Elena and Martinez, Carlos and Fernández, Ana},
  journal={Journal of Cleaner Production},
  volume={235},
  pages={1187--1196},
  year={2019},
  publisher={Elsevier}
}

@inproceedings{smith2020automated,
  title={Automated defect detection in NDT using deep learning techniques},
  author={Smith, Robert J and Chen, Wei and Johnson, Michael},
  booktitle={IEEE International Conference on Computer Vision Workshops},
  pages={245--252},
  year={2020},
  organization={IEEE}
}

@article{kumar2021sustainable,
  title={Sustainable approaches to chemical waste reduction in aerospace NDT},
  author={Kumar, Anil and Sharma, Priya and Gupta, Vikash},
  journal={Resources, Conservation and Recycling},
  volume={168},
  pages={105437},
  year={2021},
  publisher={Elsevier}
}

@article{li2019deep,
  title={Deep learning for crack detection in aerospace components using fluorescent penetrant inspection},
  author={Li, Xiang and Wang, Yue and Zhang, Hui and Liu, Ming},
  journal={Aerospace Science and Technology},
  volume={85},
  pages={378--387},
  year={2019},
  publisher={Elsevier}
}

@article{brown2020iot,
  title={IoT-enabled monitoring systems for industrial liquid recovery processes},
  author={Brown, David A and Wilson, Sarah and Taylor, James},
  journal={Journal of Manufacturing Systems},
  volume={56},
  pages={123--134},
  year={2020},
  publisher={Elsevier}
}

@inproceedings{zhang2018filtration,
  title={Advanced filtration techniques for penetrant liquid recovery in NDT applications},
  author={Zhang, Lei and Wang, Xiaoming and Liu, Jian},
  booktitle={International Conference on Materials Science and Engineering},
  pages={012045},
  year={2018},
  organization={IOP Publishing}
}

@article{anderson2019economic,
  title={Economic analysis of waste reduction strategies in aerospace manufacturing},
  author={Anderson, Paul R and Thompson, Lisa M and Davis, Kevin J},
  journal={International Journal of Production Economics},
  volume={208},
  pages={187--199},
  year={2019},
  publisher={Elsevier}
}

@article{watson2020machine,
  title={Machine learning approaches for UV fluorescence defect detection},
  author={Watson, Emily R and Kim, Sung-Ho and Patel, Ravi},
  journal={NDT \& E International},
  volume={116},
  pages={102345},
  year={2020},
  publisher={Elsevier}
}

@article{mueller2021circular,
  title={Circular economy principles in aerospace liquid waste management},
  author={M{\"u}ller, Hans and Schmidt, Klaus and Weber, Frank},
  journal={Journal of Industrial Ecology},
  volume={25},
  number={3},
  pages={567--580},
  year={2021},
  publisher={Wiley}
}

@inproceedings{rodriguez2019automation,
  title={Automation technologies for enhancing NDT efficiency in aerospace industry},
  author={Rodriguez, Carlos and Gonzalez, Maria and Herrera, Antonio},
  booktitle={ASME International Manufacturing Science and Engineering Conference},
  pages={V002T03A024},
  year={2019},
  organization={American Society of Mechanical Engineers}
}

@article{nakamura2020penetrant,
  title={Penetrant testing waste reduction through recycling and reuse strategies},
  author={Nakamura, Takeshi and Sato, Kenji and Yamamoto, Hiroshi},
  journal={Materials Evaluation},
  volume={78},
  number={4},
  pages={487--495},
  year={2020},
  publisher={American Society for Nondestructive Testing}
}

@article{petrov2021ai,
  title={AI-enhanced quality control systems for aerospace manufacturing},
  author={Petrov, Alexei and Volkov, Dmitri and Kozlov, Igor},
  journal={Computers in Industry},
  volume={132},
  pages={103512},
  year={2021},
  publisher={Elsevier}
}

@article{johnson2018cost,
  title={Cost-benefit analysis of automated NDT systems in aerospace production},
  author={Johnson, Mark R and Williams, Susan A and Clark, Robert B},
  journal={International Journal of Advanced Manufacturing Technology},
  volume={98},
  number={1-4},
  pages={1023--1035},
  year={2018},
  publisher={Springer}
}

@inproceedings{lee2020environmental,
  title={Environmental sustainability metrics for aerospace NDT operations},
  author={Lee, Jinhwan and Park, Sunghoon and Kim, Donghyun},
  booktitle={International Conference on Sustainable Manufacturing},
  pages={156--163},
  year={2020},
  organization={Springer}
}

@book{tubitak2019research,
  title={2209-A Üniversite Öğrencileri Araştırma Projeleri Destekleme Programı Başvuru Rehberi},
  author={{TÜBİTAK}},
  year={2023},
  publisher={TÜBİTAK},
  address={Ankara}
}

@book{hellier2012handbook,
  title={Handbook of Nondestructive Evaluation},
  author={Hellier, Charles J.},
  edition={3rd},
  year={2020},
  publisher={McGraw-Hill Education},
  address={New York}
}

@article{european2019waste,
  title={European directive on waste electrical and electronic equipment: Impact on aerospace industry},
  author={European Commission},
  journal={Official Journal of the European Union},
  volume={L175},
  pages={38--71},
  year={2019}
}

@book{aerospace2020sustainability,
  title={Sustainability initiatives in Turkish aerospace industry},
  author={{Turkish Aerospace Industries}},
  year={2020},
  publisher={IEEE},
  address={Ankara}
}

@article{carbon2021footprint,
  title={Carbon footprint assessment of industrial chemical processes},
  author={Carbon Trust},
  journal={Environmental Impact Assessment Review},
  volume={89},
  pages={106598},
  year={2021},
  publisher={Elsevier}
}

@article{porter1995competitive,
  title={Toward a New Conception of the Environment-Competitiveness Relationship},
  author={Porter, Michael E. and van der Linde, Claas},
  journal={Journal of Economic Perspectives},
  volume={9},
  number={4},
  pages={97--118},
  year={1995},
  publisher={American Economic Association}
}

@book{epa2022industrial,
  title={Industrial Waste Management in Aerospace Manufacturing},
  author={{Environmental Protection Agency}},
  year={2022},
  publisher={EPA},
  address={Washington, DC}
}

@book{ssb2023defense,
  title={Türk Savunma Sanayii Raporu 2023},
  author={{Savunma Sanayii Başkanlığı}},
  year={2023},
  publisher={SSB},
  address={Ankara}
}

@book{icao2023environmental,
  title={Environmental Protection in Aviation: Sustainable Development Goals},
  author={{International Civil Aviation Organization}},
  year={2023},
  publisher={ICAO},
  address={Montreal}
}

@book{kerzner2022project,
  title={Project Management: A Systems Approach to Planning, Scheduling, and Controlling},
  author={Kerzner, Harold},
  edition={13th},
  year={2022},
  publisher={John Wiley \& Sons},
  address={Hoboken}
}

@book{ulrich2021product,
  title={Product Design and Development},
  author={Ulrich, Karl T. and Eppinger, Steven D.},
  edition={7th},
  year={2021},
  publisher={McGraw-Hill Education},
  address={New York}
}

@book{richardson2021microservices,
  title={Microservices Patterns: With Examples in Java},
  author={Richardson, Chris and Smith, Floyd},
  year={2021},
  publisher={Manning Publications},
  address={Shelter Island}
}

@phdthesis{fielding2000architectural,
  title={Architectural Styles and the Design of Network-based Software Architectures},
  author={Fielding, Roy Thomas},
  year={2000},
  school={University of California, Irvine}
}

@article{mineraud2016gap,
  title={A Gap Analysis of Internet-of-Things Platforms},
  author={Mineraud, Julien and Mazhelis, Oleksiy and Su, Xiang and Tarkoma, Sasu},
  journal={Computer Communications},
  volume={89},
  pages={5--16},
  year={2016},
  publisher={Elsevier}
}

@book{raj2022practical,
  title={Practical Non-Destructive Testing},
  author={Raj, Baldev and Jayakumar, T. and Thavasimuthu, M.},
  edition={3rd},
  year={2022},
  publisher={CRC Press},
  address={Boca Raton}
}

@book{schwab2017fourth,
  title={The Fourth Industrial Revolution},
  author={Schwab, Klaus},
  year={2017},
  publisher={Crown Business},
  address={New York}
}

@book{creswell2017designing,
  title={Designing and Conducting Mixed Methods Research},
  author={Creswell, John W. and Plano Clark, Vicki L.},
  edition={3rd},
  year={2017},
  publisher={SAGE Publications},
  address={Thousand Oaks}
}

@book{baldwin2020design,
  title={Design Rules: The Power of Modularity},
  author={Baldwin, Carliss Y. and Clark, Kim B.},
  year={2020},
  publisher={MIT Press},
  address={Cambridge}
}

@book{yin2017case,
  title={Case Study Research and Applications: Design and Methods},
  author={Yin, Robert K.},
  edition={6th},
  year={2017},
  publisher={SAGE Publications},
  address={Thousand Oaks}
}

@book{brigham2022fundamentals,
  title={Fundamentals of Financial Management},
  author={Brigham, Eugene F. and Houston, Joel F.},
  edition={16th},
  year={2022},
  publisher={Cengage Learning},
  address={Boston}
}

@book{christensen2016innovator,
  title={The Innovator's Dilemma: When New Technologies Cause Great Firms to Fail},
  author={Christensen, Clayton M.},
  year={2016},
  publisher={Harvard Business Review Press},
  address={Boston}
} 